<record><leader>00000cas a22000007a 4500</leader><controlfield tag="001">10378876</controlfield><controlfield tag="008">840206d19831984inuwr ne      0   a0eng d</controlfield><datafield ind1=" " ind2=" " tag="010"><subfield code="a">sn 84002880 </subfield></datafield><datafield ind1=" " ind2=" " tag="040"><subfield code="a">NSD</subfield><subfield code="b">eng</subfield><subfield code="c">NSD</subfield><subfield code="d">NPI</subfield><subfield code="d">OCLCQ</subfield></datafield><datafield ind1=" " ind2=" " tag="012"><subfield code="m">1</subfield></datafield><datafield ind1="1" ind2=" " tag="022"><subfield code="a">0746-8776</subfield><subfield code="l">0746-8776</subfield><subfield code="2">1</subfield></datafield><datafield ind1=" " ind2=" " tag="032"><subfield code="a">711190</subfield><subfield code="b">USPS</subfield></datafield><datafield ind1=" " ind2=" " tag="037"><subfield code="b">Portage Journal, P.O. Box 370, Portage, IN 46368</subfield></datafield><datafield ind1=" " ind2=" " tag="042"><subfield code="a">nsdp</subfield></datafield><datafield ind1="0" ind2=" " tag="130"><subfield code="a">Portage journal (Portage, Ind.)</subfield></datafield><datafield ind1=" " ind2="0" tag="222"><subfield code="a">Portage journal</subfield></datafield><datafield ind1="1" ind2="0" tag="245"><subfield code="a">Portage journal.</subfield></datafield><datafield ind1=" " ind2=" " tag="260"><subfield code="a">[Portage, IN :</subfield><subfield code="b">Portage Journal, Inc.],</subfield><subfield code="c">1983-1984.</subfield></datafield><datafield ind1=" " ind2=" " tag="300"><subfield code="a">2 v. :</subfield><subfield code="b">ill.</subfield></datafield><datafield ind1=" " ind2=" " tag="310"><subfield code="a">Weekly</subfield></datafield><datafield ind1="0" ind2=" " tag="362"><subfield code="a">Vol. 1, no. 1 (June 16, 1983)-v. 2, no. 4 (July 5, 1984).</subfield></datafield><datafield ind1=" " ind2=" " tag="752"><subfield code="a">United States</subfield><subfield code="b">Indiana</subfield><subfield code="c">Porter</subfield><subfield code="d">Portage.</subfield></datafield><datafield ind1="0" ind2="0" tag="780"><subfield code="t">Duneland journal</subfield></datafield><datafield ind1="0" ind2="7" tag="785"><subfield code="t">Portage press</subfield><subfield code="w">(DLC)sn 87056855</subfield></datafield><datafield ind1="0" ind2="7" tag="785"><subfield code="t">Portage journal-press</subfield><subfield code="w">(DLC)sn 86058323</subfield></datafield></record>